@article{
Garbet2010NF,
author = {X. Garbet, Y. Idomura, L. Villard, and T.-H. Watanabe},
title = {Gyrokinetic simulations of turbulent transport},
journal = {Nucl. Fusion},
volume = {50},
pages = {043002},
year = {2010},
}

















@ARTICLE{
Horton1999RMP,
author = {W. Horton},
title = {Drift waves and transport},
journal = {Rev. Mod. Phys.},
volume = {71},
pages = {735-778},
year = {1999},
}

@ARTICLE{Jenko2000PoP,
author = {F. Jenko, and W. Dorland, and M. Kotschenreuther, and B. N. Rogers},
title = {Electron temperature gradient driven turbulence},
journal = {Phys. Plasmas},
volume = {7},
pages = {1904-1910},
year = {2000},
}

@ARTICLE{Itoh2001PPCF,
author = {S. I. Itoh, and K. Itoh},
title = {Statistical theory and transition in multiple-scale-length turbulence in plasmas},
journal = {Plasma Phys. Control. Fusion},
volume = {43},
pages = {1055-1102},
year = {2001},
}

@ARTICLE{Jenko2004JPFRS,
author = {F. Jenko},
title = {On the Nature of ETG Turbulence and Cross-Scale Coupling},
journal = {J. Plasma Fusion Res. SERIES},
volume = {6},
pages = {11-16},
year = {2004},
}

@ARTICLE{Holland2004PoP,
author = {C. Holland, and P. H. Diamond},
title = {A simple model of interactions between electron temperature gradient and drift-wave turbulence},
journal = {Phys. Plasmas},
volume = {11},
pages = {1043-1051},
year = {2004},
}

@ARTICLE{Candy2007PPCF,
author = {J. Candy, and R. E. Waltz, and M. R. Fahey, and C. Holland},
title = {The effect of ion-scale dynamics on electron-temperature-gradient turbulence},
journal = {Plasma Phys. Control. Fusion},
volume = {49},
pages = {1209-1220},
year = {2007},
}

@ARTICLE{Waltz2007PoP,
author = {R. E. Waltz, and J. Candy, and M. R. Fahey},
title = {Coupled ion temperature gradient and trapped electron mode to electron temperature gradient mode gyrokinetic simulations},
journal = {Phys. Plasmas},
volume = {14},
pages = {056116},
year = {2007},
}

@ARTICLE{Goerler2008PRL,
author = {T. G\"{o}rler, and F. Jenko},
title = {Scale Separation between Electron and Ion Thermal Transport},
journal = {Phys. Rev. Lett.},
volume = {100},
pages = {185002},
year = {2008},
}

@ARTICLE{Watanabe2006NF,
author = {T.-H. Watanabe, and H. Sugama},
title = {Velocity-space structures of distribution function in toroidal ion temperature gradient turbulence},
journal = {Nucl. Fusion},
volume = {46},
pages = {24-32},
year = {2006},
}

@ARTICLE{Maeyama2013CPC,
author = {S. Maeyama, and A. Ishizawa, and T.-H. Watanabe, and N. Nakajima, and S. Tsuji-Iio, and H. Tsutsui},
title = {Numerical techniques for parallel dynamics in electromagnetic gyrokinetic Vlasov simulations},
journal = {Comput. Phys. Commun.},
volume = {184},
pages = {2462-2473},
year = {2013},
}

@ARTICLE{Maeyama2013PFR,
author = {S. Maeyama, and T.-H. Watanabe, and Y. Idomura, and M. Nakata, and M. Nunami, and A. Ishizawa},
title = {Computation-Communication Overlap Techniques for Parallel Spectral Calculations in Gyrokinetic Vlasov Simulations},
journal = {Plasma Fusion Res.},
volume = {8},
pages = {1403150},
year = {2013},
}

@ARTICLE{Dimits2000PoP,
author = {A. M. Dimits, and G. Bateman, and M. A. Beer, and B. I. Cohen, and W. Dorland, and G. W. Hammett, and C. Kim, and J. E. Kinsey, and M. Kotschenreuther, and A. H. Kritz, and L. L. Lao, and J. Mandrekas, and W. M. Nevins, and S. E. Parker, and A. J. Redd, and D. E. Shumaker, and R. Sydora, and J. Weiland},
title = {Comparisons and physics basis of tokamak transport models and turbulence simulations},
journal = {Phys. Plasmas},
volume = {7},
pages = {969-983},
year = {2000},
}

@ARTICLE{Kim1993PFB,
author = {J. Y. Kim, and W. Horton, and J. Q. Dong},
title = {Electromagnetic effect on the toroidal ion temperature gradient mode},
journal = {Phys. Fluids B},
volume = {5},
pages = {4030-4039},
year = {1993},
}

@ARTICLE{Doerk2011PRL,
author = {H. Doerk, and F. Jenko, and M. J. Pueschel, and D. R. Hatch},
title = {Gyrokinetic Microtearing Turbulence},
journal = {Phys. Rev. Lett.},
volume = {106},
pages = {155003},
year = {2011},
}

@ARTICLE{Maeyama2014PoP,
author = {S. Maeyama, and A. Ishizawa, and T.-H. Watanabe, and M. Nakata, and N. Miyato, and M. Yagi, and Y. Idomura},
title = {Comparison between kinetic-ballooning-mode-driven turbulence and ion-temperature-gradient-driven turbulence},
journal = {Phys. Plasmas},
volume = {21},
pages = {052301},
year = {2014},
}

@ARTICLE{Nakata2012PoP,
author = {M. Nakata, and T.-H. Watanabe, and H. Sugama},
title = {Nonlinear entropy transfer via zonal flows in gyrokinetic plasma turbulence},
journal = {Phys. Plasmas},
volume = {19},
pages = {022303},
year = {2012},
}

@ARTICLE{Dominski2012JPCS,
author = {J. Dominski, and S. Brunner, and S. K. Aghdam, and T. G\"{o}rler, and F. Jenko, and D. Told},
title = {Identifying the role of non-adiabatic passing electrons in ITG/TEM microturbulence by comparing fully kinetic and hybrid electron simulations},
journal = {J. Phys. Conf. Ser.},
volume = {401},
pages = {012006},
year = {2012},
}

@ARTICLE{Sugama2009PoP,
author = {H. Sugama, and T.-H. Watanabe, and M. Nunami},
title = {Linearized model collision operators for multiple ion species plasmas and gyrokinetic entropy balance equations},
journal = {Phys. Plasmas},
volume = {16},
pages = {112503},
year = {2009},
}

@ARTICLE{Nakata2013NF,
author = {M. Nakata, and Y. Idomura},
title = {Plasma size and collisionality scaling of ion-temperature-gradient-driven turbulence},
journal = {Nucl. Fusion},
volume = {53},
pages = {113039},
year = {2013},
}





@ARTICLE{Li2002PRL,
author = {J. Li, and Y. Kishimoto},
title = {Interaction between Small-Scale Zonal Flows and Large-Scale Turbulence: ATheory for Ion Transport Intermittency in Tokamak Plasmas},
journal = {Phys. Rev. Lett.},
volume = {89},
pages = {115002},
year = {2002},
}

@ARTICLE{Moon2013PRL,
author = {J. Li, and Y. Kishimoto},
title = {Interaction between Small-Scale Zonal Flows and Large-Scale Turbulence: ATheory for Ion Transport Intermittency in Tokamak Plasmas},
journal = {Phys. Rev. Lett.},
volume = {89},
pages = {115002},
year = {2002},
}
